<?xml version="1.0" encoding="UTF-8"?>
<record xmlns="http://www.loc.gov/MARC21/slim" xmlns:xsi="http://www.w3.org/2001/XMLSchema-instance" xsi:schemaLocation="http://www.loc.gov/MARC21/slim http://www.loc.gov/standards/marcxml/schema/MARC21slim.xsd">
<leader>     nam a2200241 a 4500</leader>
<controlfield tag="001">001696952</controlfield>
<controlfield tag="003">NNU</controlfield>
<controlfield tag="005">20061010171127.0</controlfield>
<controlfield tag="008">010123s1958    sy       b    001 0 ara d</controlfield>
<datafield tag="035" ind1="9" ind2=" ">
<subfield code="a">NYUb12243990</subfield>
</datafield>
<datafield tag="035" ind1=" " ind2=" ">
<subfield code="a">(CStRLIN)NYUG01-B449</subfield>
</datafield>
<datafield tag="040" ind1=" " ind2=" ">
<subfield code="a">NBiSU</subfield>
<subfield code="c">NBiSU</subfield>
<subfield code="d">UaCaAUL</subfield>
</datafield>
<datafield tag="066" ind1=" " ind2=" ">
<subfield code="c">(3</subfield>
</datafield>
<datafield tag="090" ind1=" " ind2=" ">
<subfield code="a">BP136.74</subfield>
<subfield code="b">.A5</subfield>
</datafield>
<datafield tag="100" ind1="1" ind2=" ">
<subfield code="a">Albānī, Muḥammad Nāṣir al-Dīn</subfield>
<subfield code="6">880-01</subfield>
</datafield>
<datafield tag="245" ind1="1" ind2="0">
<subfield code="6">880-02</subfield>
<subfield code="a">Silsilat al-aḥādīth al-ṣaḥīḥah wa-shayʼ min fiqhihā wa-fawāʼidihā /</subfield>
<subfield code="c">taʼlīf Muḥammad Nāṣir al-Dīn al-Albānī.</subfield>
</datafield>
<datafield tag="260" ind1=" " ind2=" ">
<subfield code="6">880-03</subfield>
<subfield code="a">Dimishq :</subfield>
<subfield code="b">al-Maktab al-Islāmī,</subfield>
<subfield code="c">[1958]</subfield>
</datafield>
<datafield tag="300" ind1=" " ind2=" ">
<subfield code="a">v.</subfield>
</datafield>
<datafield tag="504" ind1=" " ind2=" ">
<subfield code="a">Includes bibliographical references and indexes.</subfield>
</datafield>
<datafield tag="650" ind1=" " ind2="0">
<subfield code="a">Hadith</subfield>
<subfield code="v">Texts.</subfield>
</datafield>
<datafield tag="880" ind1="1" ind2=" ">
<subfield code="6">100-01/</subfield>
<subfield code="a">ألباني، محمد نصر الدين.</subfield>
</datafield>
<datafield tag="880" ind1="1" ind2="0">
<subfield code="6">245-02/</subfield>
<subfield code="a">سلسلة الأحاديث الصحيحة وشئ من فقهها وفوائدها /</subfield>
<subfield code="c">تأليف محمد ناصر الدين الألباني.</subfield>
</datafield>
<datafield tag="880" ind1=" " ind2=" ">
<subfield code="6">260-03/</subfield>
<subfield code="a">دمشق :</subfield>
<subfield code="b">المكتب الاسلامي،</subfield>
<subfield code="c">[١٩٥٨]</subfield>
</datafield>
<datafield tag="OWN" ind1=" " ind2=" ">
<subfield code="a">GENERAL</subfield>
</datafield>
<datafield tag="998" ind1=" " ind2=" ">
<subfield code="a">20010123</subfield>
<subfield code="d">20010123</subfield>
<subfield code="d">20021006</subfield>
<subfield code="n">NNU</subfield>
<subfield code="s">1</subfield>
<subfield code="t">c</subfield>
<subfield code="z">p</subfield>
</datafield>
<datafield tag="AVA" ind1=" " ind2=" ">
<subfield code="a">NYU50</subfield>
<subfield code="b">BOBST</subfield>
<subfield code="c">Main Collection</subfield>
<subfield code="d">BP136.74 .A5</subfield>
<subfield code="e">unavailable</subfield>
<subfield code="t">Unavailable</subfield>
<subfield code="f">3</subfield>
<subfield code="g">3</subfield>
<subfield code="h">Y</subfield>
<subfield code="i">1</subfield>
<subfield code="j">MAIN</subfield>
<subfield code="k">0</subfield>
</datafield>
</record>
